@article{tracey2012nonlocal,
  title={Nonlocal means denoising of ECG signals},
  author={Tracey, Brian H and Miller, Eric L},
  journal={IEEE Transactions on Biomedical Engineering},
  volume={59},
  number={9},
  pages={2383--2386},
  year={2012},
  publisher={IEEE}
}
@article{mitbih,
	title={MIT-BIH Arrhythmia Database},
	author={PsychoNet},
	journal={(Dostęp online 15.12.2016r. https://www.physionet.org/physiobank/database/mitdb/)},

}
@article{DarbonCCOJ08,
	added-at = {2008-06-18T00:00:00.000+0200},
	author = {Darbon, Jérôme and Cunha, Alexandre and Chan, Tony F. and Osher, Stanley and Jensen, Grant J.},
	biburl = {http://www.bibsonomy.org/bibtex/28182f99b2c9ac24a11171160119fae0e/dblp},
	booktitle = {ISBI},
	crossref = {conf/isbi/2008},
	ee = {http://dx.doi.org/10.1109/ISBI.2008.4541250},
	interhash = {a6595816f2ff891cd68a3b20cc7ce79a},
	intrahash = {8182f99b2c9ac24a11171160119fae0e},
	isbn = {978-1-4244-2003-2},
	keywords = {dblp},
	pages = {1331-1334},
	publisher = {IEEE},
	timestamp = {2015-07-28T11:42:14.000+0200},
	title = {Fast nonlocal filtering applied to electron cryomicroscopy.},
	url = {http://dblp.uni-trier.de/db/conf/isbi/isbi2008.html#DarbonCCOJ08},
	year = 2008
}

